@article{autor2017effect,
  title={The Effect of Work First Job Placements on the Distribution of Earnings: An Instrumental Variable Quantile Regression Approach},
  author={Autor, David H and Houseman, Susan N and Kerr, Sari Pekkala},
  journal={Journal of Labor Economics},
  volume={35},
  number={1},
  pages={149--190},
  year={2017},
  publisher={University of Chicago Press Chicago, IL}
}

@article{mitchell2017physical,
  title={Physical Activity and Pediatric Obesity: A Quantile Regression Analysis.},
  author={Mitchell, Jonathan A and Dowda, Marsha and Pate, Russell R and Kordas, Katarzyna and Froberg, Karsten and Sardinha, Luis B and Kolle, Elin and Page, Angela},
  journal={Medicine and science in sports and exercise},
  volume={49},
  number={3},
  pages={466},
  year={2017}
}

@article{gallego2017corporate,
  title={Corporate environmental sustainability reporting in the context of national cultures: A quantile regression approach},
  author={Gallego-{\'A}lvarez, Isabel and Ortas, Eduardo},
  journal={International Business Review},
  volume={26},
  number={2},
  pages={337--353},
  year={2017},
  publisher={Elsevier}
}

@article{maciejowska2016probabilistic,
  title={Probabilistic forecasting of electricity spot prices using Factor Quantile Regression Averaging},
  author={Maciejowska, Katarzyna and Nowotarski, Jakub and Weron, Rafa{\l}},
  journal={International Journal of Forecasting},
  volume={32},
  number={3},
  pages={957--965},
  year={2016},
  publisher={Elsevier}
}

@article{koenker2004quantile,
  title={Quantile regression for longitudinal data},
  author={Koenker, Roger},
  journal={Journal of Multivariate Analysis},
  volume={91},
  number={1},
  pages={74--89},
  year={2004},
  publisher={Elsevier}
}

@article{geraci2006use,
  title={Use of auxiliary data in semi-parametric spatial regression with nonignorable missing responses},
  author={Geraci, Marco and Bottai, Matteo},
  journal={Statistical Modelling},
  volume={6},
  number={4},
  pages={321--336},
  year={2006},
  publisher={Sage Publications}
}

@article{parente2016quantile,
  title={Quantile regression with clustered data},
  author={Parente, Paulo MDC and Santos Silva, Jo{\~a}o},
  journal={Journal of Econometric Methods},
  volume={5},
  number={1},
  pages={1--15},
  year={2016}
}

@article{geraci2014linear,
  title={Linear quantile mixed models},
  author={Geraci, Marco and Bottai, Matteo},
  journal={Statistics and computing},
  volume={24},
  number={3},
  pages={461--479},
  year={2014},
  publisher={Springer}
}

@article{chernozhukov2006instrumental,
  title={Instrumental quantile regression inference for structural and treatment effect models},
  author={Chernozhukov, Victor and Hansen, Christian},
  journal={Journal of Econometrics},
  volume={132},
  number={2},
  pages={491--525},
  year={2006},
  publisher={Elsevier}
}

@article{gutenbrunner1993tests,
  title={Tests of linear hypotheses based on regression rank scores},
  author={Gutenbrunner, C and Jure{\v{c}}kov{\'a}, JKRS and Koenker, R and Portnoy, S},
  journal={Journaltitle of Nonparametric Statistics},
  volume={2},
  number={4},
  pages={307--331},
  year={1993},
  publisher={Taylor \& Francis}
}

@article{koenker1999goodness,
  title={Goodness of fit and related inference processes for quantile regression},
  author={Koenker, Roger and Machado, Jose AF},
  journal={Journal of the american statistical association},
  volume={94},
  number={448},
  pages={1296--1310},
  year={1999},
  publisher={Taylor \& Francis Group}
}

@article{koenker2002inference,
  title={Inference on the quantile regression process},
  author={Koenker, Roger and Xiao, Zhijie},
  journal={Econometrica},
  volume={70},
  number={4},
  pages={1583--1612},
  year={2002},
  publisher={Wiley Online Library}
}

@article{yu2001bayesian,
  title={Bayesian quantile regression},
  author={Yu, Keming and Moyeed, Rana A},
  journal={Statistics \& Probability Letters},
  volume={54},
  number={4},
  pages={437--447},
  year={2001},
  publisher={Elsevier}
}

@article{yu2007bayesian,
  title={Bayesian analysis of a Tobit quantile regression model},
  author={Yu, Keming and Stander, Julian},
  journal={Journal of Econometrics},
  volume={137},
  number={1},
  pages={260--276},
  year={2007},
  publisher={Elsevier}
}

@article{kozumi2011gibbs,
  title={Gibbs sampling methods for Bayesian quantile regression},
  author={Kozumi, Hideo and Kobayashi, Genya},
  journal={Journal of statistical computation and simulation},
  volume={81},
  number={11},
  pages={1565--1578},
  year={2011},
  publisher={Taylor \& Francis}
}

@article{santos2016bayesian,
  title={On Bayesian quantile regression and outliers},
  author={Santos, Bruno and Bolfarine, Heleno},
  journal={arXiv preprint arXiv:1601.07344},
  year={2016}
}

@article{gu2017unobserved,
  title={Unobserved heterogeneity in income dynamics: an empirical Bayes perspective},
  author={Gu, Jiaying and Koenker, Roger},
  journal={Journal of Business \& Economic Statistics},
  volume={35},
  number={1},
  pages={1--16},
  year={2017},
  publisher={Taylor \& Francis}
}

@article{rousseeuw1990unmasking,
  title={Unmasking multivariate outliers and leverage points},
  author={Rousseeuw, Peter J and Van Zomeren, Bert C},
  journal={Journal of the American Statistical association},
  volume={85},
  number={411},
  pages={633--639},
  year={1990},
  publisher={Taylor \& Francis}
}

@techreport{gather1997convergence,
  title={Convergence rates in multivariate robust outlier identification},
  author={Gather, Ursula and Becker, Claudia},
  year={1997},
  institution={Technical Report, SFB 475: Komplexit{\"a}tsreduktion in Multivariaten Datenstrukturen, Universit{\"a}t Dortmund}
}

@article{sanchez2013likelihood,
  title={Likelihood based inference for quantile regression using the asymmetric Laplace distribution},
  author={S{\'a}nchez, BL and Lachos, HV and Labra, VF},
  journal={Journal of Statistical Computation and Simulation},
  volume={81},
  pages={1565--1578},
  year={2013}
}

@article{santos2016bayesian,
  title={On Bayesian quantile regression and outliers},
  author={Santos, Bruno and Bolfarine, Heleno},
  journal={arXiv preprint arXiv:1601.07344},
  year={2016}
}

@article{koenker1978regression,
  title={Regression quantiles},
  author={Koenker, Roger and Bassett Jr, Gilbert},
  journal={Econometrica: journal of the Econometric Society},
  pages={33--50},
  year={1978},
  publisher={JSTOR}
}

@incollection{rousseeuw1991robust,
  title={Robust distances: simulations and cutoff values},
  author={Rousseeuw, Peter J and van Zomeren, Bert C},
  booktitle={Directions in Robust Statistics and Diagnostics},
  pages={195--203},
  year={1991},
  publisher={Springer}
}

@article{rousseeuw1999fast,
  title={A fast algorithm for the minimum covariance determinant estimator},
  author={Rousseeuw, Peter J and Driessen, Katrien Van},
  journal={Technometrics},
  volume={41},
  number={3},
  pages={212--223},
  year={1999},
  publisher={Taylor \& Francis Group}
}

@article{yu2001bayesian,
  title={Bayesian quantile regression},
  author={Yu, Keming and Moyeed, Rana A},
  journal={Statistics \& Probability Letters},
  volume={54},
  number={4},
  pages={437--447},
  year={2001},
  publisher={Elsevier}
}

@article{benites2015case,
  title={Case-Deletion Diagnostics for Quantile Regression Using the Asymmetric Laplace Distribution},
  author={Benites, Luis E and Lachos, V{\'\i}ctor H and Vilca, Filidor E},
  journal={arXiv preprint arXiv:1509.05099},
  year={2015}
}


@article{kullback1951information,
  title={On information and sufficiency},
  author={Kullback, Solomon and Leibler, Richard A},
  journal={The annals of mathematical statistics},
  volume={22},
  number={1},
  pages={79--86},
  year={1951},
  publisher={JSTOR}
}

@article{swayne2003ggobi,
  title={GGobi: evolving from XGobi into an extensible framework for interactive data visualization},
  author={Swayne, Deborah F and Lang, Duncan Temple and Buja, Andreas and Cook, Dianne},
  journal={Computational Statistics \& Data Analysis},
  volume={43},
  number={4},
  pages={423--444},
  year={2003},
  publisher={Elsevier}
}

@article{galvao2011quantile,
  title={Quantile regression for dynamic panel data with fixed effects},
  author={Galvao, Antonio F},
  journal={Journal of Econometrics},
  volume={164},
  number={1},
  pages={142--157},
  year={2011},
  publisher={Elsevier}
}

@article{canay2011simple,
  title={A simple approach to quantile regression for panel data},
  author={Canay, Ivan A},
  journal={The Econometrics Journal},
  volume={14},
  number={3},
  pages={368--386},
  year={2011},
  publisher={Wiley Online Library}
}

@article{hahn1995bootstrapping,
  title={Bootstrapping quantile regression estimators},
  author={Hahn, Jinyong},
  journal={Econometric Theory},
  volume={11},
  number={01},
  pages={105--121},
  year={1995},
  publisher={Cambridge Univ Press}
}


@article{buchinsky1995estimating,
  title={Estimating the asymptotic covariance matrix for quantile regression models a Monte Carlo study},
  author={Buchinsky, Moshe},
  journal={Journal of Econometrics},
  volume={68},
  number={2},
  pages={303--338},
  year={1995},
  publisher={Elsevier}
}

@article{feng2011wild,
  title={Wild bootstrap for quantile regression},
  author={Feng, Xingdong and He, Xuming and Hu, Jianhua},
  journal={Biometrika},
  volume={98},
  number={4},
  pages={995},
  year={2011},
  publisher={Oxford University Press}
}

@article{wickham2015visualizing,
  title={Visualizing statistical models: removing the blindfold},
  author={Wickham, Hadley and Cook, Dianne and Hofmann, Heike},
  journal={Statistical Analysis and Data Mining: The ASA Data Science Journal},
  volume={8},
  number={4},
  pages={203--225},
  year={2015},
  publisher={Wiley Online Library}
}



